<?xml version="1.0" encoding="UTF-8"?><collection xmlns="http://www.loc.gov/MARC21/slim"><record><leader>00604nam--2200181-u-4500</leader><controlfield tag="001">000052821</controlfield><controlfield tag="002">20161230</controlfield><controlfield tag="005">20170105125806</controlfield><controlfield tag="008">101122s1000------------r-----000-0-rum-d</controlfield><datafield ind1=" " ind2=" " tag="040"><subfield code="a">IFIN-HH</subfield></datafield><datafield ind1=" " ind2=" " tag="041"><subfield code="a">rum</subfield></datafield><datafield ind1=" " ind2=" " tag="080"><subfield code="a">666.1:666.3</subfield></datafield><datafield ind1="1" ind2=" " tag="100"><subfield code="a">Radu (David), Cristina Angelica</subfield></datafield><datafield ind1="1" ind2="0" tag="245"><subfield code="a">Contributii la studiul materialelor piezoceramice din sistemul solutiilor solide de titanat-zirconat de plumb cu aplicatii in controlul nedistructiv</subfield><subfield code="b">Teza</subfield><subfield code="c">Cristina Angelica Radu (David)</subfield></datafield><datafield ind1=" " ind2=" " tag="260"><subfield code="a">Bucuresti</subfield><subfield code="b">Ifa</subfield><subfield code="c">2010</subfield></datafield><datafield ind1=" " ind2=" " tag="300"><subfield code="a">163 p</subfield></datafield><datafield ind1=" " ind2=" " tag="852"><subfield code="a">79530</subfield><subfield code="c">666.1:666.3</subfield></datafield><datafield ind1=" " ind2=" " tag="CAT"><subfield code="a">SYS</subfield><subfield code="c">20170105</subfield><subfield code="h">125806</subfield></datafield></record></collection>